<record><leader>00000cas a2200000 a 4500</leader><controlfield tag="001">18329809</controlfield><controlfield tag="008">880809d19101915aludn ne      0   a0eng d</controlfield><datafield ind1=" " ind2=" " tag="010"><subfield code="a">sn 89050023 </subfield></datafield><datafield ind1=" " ind2=" " tag="040"><subfield code="a">ALM</subfield><subfield code="b">eng</subfield><subfield code="c">ALM</subfield><subfield code="d">CPN</subfield><subfield code="d">OCL</subfield><subfield code="d">OCLCQ</subfield></datafield><datafield ind1=" " ind2=" " tag="042"><subfield code="a">msc</subfield></datafield><datafield ind1="0" ind2="4" tag="245"><subfield code="a">The Tuscaloosa news.</subfield></datafield><datafield ind1=" " ind2=" " tag="260"><subfield code="a">Tuscaloosa, Ala. :</subfield><subfield code="b">Tuscaloosa News Pub. Co.,</subfield><subfield code="c">1910-1915.</subfield></datafield><datafield ind1=" " ind2=" " tag="300"><subfield code="a">v. :</subfield><subfield code="b">ill.</subfield></datafield><datafield ind1=" " ind2=" " tag="310"><subfield code="a">Daily (except Sun.)</subfield></datafield><datafield ind1="0" ind2=" " tag="362"><subfield code="a">Vol. 1, no. 1 (Aug. 13, 1910)-v. 5, no. 143 (Jan. 31, 1915).</subfield></datafield><datafield ind1=" " ind2=" " tag="515"><subfield code="a">Numbering is irregular.</subfield></datafield><datafield ind1=" " ind2=" " tag="752"><subfield code="a">United States</subfield><subfield code="b">Alabama</subfield><subfield code="c">Tuscaloosa</subfield><subfield code="d">Tuscaloosa.</subfield></datafield><datafield ind1="0" ind2=" " tag="775"><subfield code="t">Tuscaloosa weekly news</subfield><subfield code="w">(DLC)sn 89050024</subfield></datafield><datafield ind1="0" ind2="7" tag="785"><subfield code="t">Tuscaloosa times-gazette</subfield><subfield code="w">(DLC)sn 89050021</subfield></datafield><datafield ind1="0" ind2="7" tag="785"><subfield code="t">Tuscaloosa news and times-gazette</subfield><subfield code="w">(DLC)sn 89050025</subfield></datafield></record>